<?xml version="1.0" encoding="UTF-8"?><collection xmlns="http://www.loc.gov/MARC21/slim"><record><leader>00646nam--2200193-i-4500</leader><controlfield tag="001">000015764</controlfield><controlfield tag="002">20161230</controlfield><controlfield tag="005">20161230201031</controlfield><controlfield tag="008">060222s1000------------r-----000-0-eng-d</controlfield><datafield ind1=" " ind2=" " tag="040"><subfield code="a">IFIN-HH</subfield></datafield><datafield ind1=" " ind2=" " tag="080"><subfield code="a">539.12.162.8(038)</subfield></datafield><datafield ind1="1" ind2=" " tag="100"><subfield code="a">Bock, R.K./S.A.</subfield></datafield><datafield ind1="1" ind2="0" tag="245"><subfield code="a">Formulae and methods in experimental data evaluation with emphasis on high energy physics</subfield><subfield code="c">R.k. bock, k. bos, s. brandt, j. myrheim, m. regler (eds.)</subfield></datafield><datafield ind1=" " ind2=" " tag="260"><subfield code="a">Geneva</subfield><subfield code="b">Cern</subfield><subfield code="c">1984</subfield></datafield><datafield ind1=" " ind2=" " tag="300"><subfield code="a">3 VOLUME</subfield></datafield><datafield ind1="1" ind2=" " tag="700"><subfield code="a">Regler, M</subfield><subfield code="e">Ed</subfield></datafield><datafield ind1="1" ind2=" " tag="787"><subfield code="a">Volume 3</subfield><subfield code="h">/Pag.Dif.</subfield><subfield code="t">Articles On Statistical And Numerical Methods</subfield></datafield><datafield ind1=" " ind2=" " tag="852"><subfield code="a">73563</subfield><subfield code="c">539.12</subfield></datafield><datafield ind1=" " ind2=" " tag="CAT"><subfield code="a">Sys</subfield><subfield code="c">20120113</subfield><subfield code="h">102833</subfield></datafield></record></collection>